@article{giordano2015semantic,
	title        = {Semantic characterization of rational closure: From propositional logic to description logics},
	author       = {Giordano, Laura and Gliozzi, Valentina and Olivetti, Nicola and Pozzato, Gian Luca},
	year         = 2015,
	journal      = {Artificial Intelligence},
	publisher    = {Elsevier},
	volume       = 226,
	pages        = {1--33}
}
@article{kraus1990nonmonotonic,
	title        = {Nonmonotonic reasoning, preferential models and cumulative logics},
	author       = {Kraus, Sarit and Lehmann, Daniel and Magidor, Menachem},
	year         = 1990,
	journal      = {Artificial intelligence},
	publisher    = {Elsevier},
	volume       = 44,
	number       = {1-2},
	pages        = {167--207}
}
@book{davey2002introduction,
	title        = {Introduction to Lattices and Order},
	author       = {Davey, BA},
	year         = 2002,
	publisher    = {Cambridge University Press}
}
@book{rudolph2007relational,
	title        = {Relational exploration. Combining description logics and formal concept analysis for knowledge specification},
	author       = {Rudolph, Sebastian},
	year         = 2007
}
@article{kaliski2020overview,
	title        = {An overview of KLM-style defeasible entailment},
	author       = {Kaliski, Adam},
	year         = 2020
}
@article{ferguson2003monotonicity,
	title        = {Monotonicity in practical reasoning},
	author       = {Ferguson, Kenneth G},
	year         = 2003,
	journal      = {Argumentation},
	publisher    = {Springer},
	volume       = 17,
	pages        = {335--346}
}
@article{monk1986contributions,
	title        = {The contributions of Alfred Tarski to algebraic logic},
	author       = {Monk, J Donald},
	year         = 1986,
	journal      = {The Journal of Symbolic Logic},
	publisher    = {Cambridge University Press},
	volume       = 51,
	number       = 4,
	pages        = {899--906}
}
@article{gmez-torrente1996tarski,
	title        = {Tarski on logical consequence},
	author       = {G{\'o}mez-Torrente, Mario},
	year         = 1996,
	journal      = {Notre Dame Journal of Formal Logic},
	publisher    = {Duke University Press},
	volume       = 37,
	number       = 1,
	pages        = {125--151}
}
@inproceedings{shoham1987nonmonotonic,
	title        = {Nonmonotonic Logics: Meaning and Utility.},
	author       = {Shoham, Yoav},
	year         = 1987,
	booktitle    = {IJCAI},
	volume       = 10,
	pages        = {388--393},
	organization = {Citeseer}
}
@article{lehmann1994what,
	title        = {What does a conditional knowledge base entail?},
	author       = {Lehmann, Daniel and Magidor, Menachem},
	year         = 1994,
	journal      = {Artificial Intelligence},
	volume       = 68,
	number       = 2
}

@book{ganter2016conceptual,
  title={Conceptual exploration},
  author={Ganter, Bernhard and Obiedkov, Sergei and Rudolph, Sebastian and Stumme, Gerd},
  year={2016},
  publisher={Springer}
} 

@misc{ganter1999formal,
  title={Formal Concept Analysis: Mathematical Foundations},
  author={Ganter, B},
  year={1999},
  publisher={Springer-Verlag}
}

@book{davey2002introduction,
  title={Introduction to Lattices and Order},
  author={Davey, BA},
  year={2002},
  publisher={Cambridge University Press}
}

@book{castonguay2012meaning,
	title        = {Meaning and existence in mathematics},
	author       = {Castonguay, Charles},
	year         = 2012,
	publisher    = {Springer Science \& Business Media},
	volume       = 9
}

@article{poelmans2013formal,
	title        = {Formal concept analysis in knowledge processing: A survey on applications},
	author       = {Poelmans, Jonas and Ignatov, Dmitry I and Kuznetsov, Sergei O and Dedene, Guido},
	year         = 2013,
	journal      = {Expert systems with applications},
	publisher    = {Elsevier},
	volume       = 40,
	number       = 16,
	pages        = {6538--6560}
}
